%%%%%%%%%%%%%%%%%%%%%%%%%%%%%%%%%%%%%%%%%%%%%%%%%%%%%%%%%%%%%%%%%%%%%%%%
%%%%%%%%%%%%%%%%%%%%%%%%%%%%%%%%%%%%%%%%%%%%%%%%%%%%%%%%%%%%%%%%%%%%%%%%
%%%%%%%  PLEASE FOLLOW THE FOLLOWING FORMATS FOR REFERENCING %%%%%%%%%%%
%%%%%%%  USE \cite{} TO PLACE REFERENCES IN THE TEXT. IF A   %%%%%%%%%%%
%%%%%%%  REFERENCE IS NOT CITED IN THE TEXT IT WILL NOT      %%%%%%%%%%%
%%%%%%%  APPEAR IN THE BIBLIOGRAPHY. IF YOU DO NOT SEE THE   %%%%%%%%%%%
%%%%%%%  FORMAT YOU WANT PLEASE CHECK                        %%%%%%%%%%%
%%%%%%%  http://web.mit.edu/rsi/www/pdfs/bibtex-format.pdf   %%%%%%%%%%%
%%%%%%%%%%%%%%%%%%%%%%%%%%%%%%%%%%%%%%%%%%%%%%%%%%%%%%%%%%%%%%%%%%%%%%%%
%%%%%%%%%%%%%%%%%%%%%%%%%%%%%%%%%%%%%%%%%%%%%%%%%%%%%%%%%%%%%%%%%%%%%%%%
